@Article{Spi16g,
	title={A Repository of {U}nix {H}istory and Evolution},
	author = {Diomidis Spinellis},
	year={2017},
	journal={Empirical Software Engineering},
	volume=22,
	number=3,
	pages="1372--1404",
	DOI="10.1007/s10664-016-9445-5",
	publisher={Springer US},
	URL=    "http://www.spinellis.gr/pubs/jrnl/2016-EMPSE-unix-history/html/unix-history.html",
	ISSN =       {1382-3256},
}