@Article{Spi16g,
	title={A Repository of {U}nix {H}istory and Evolution},
	author = {Diomidis Spinellis},
	year={2017},
	journal={Empirical Software Engineering},
	volume=22,
	number=3,
	pages="1372--1404",
	DOI="10.1007/s10664-016-9445-5",
	publisher={Springer US},
	URL=    "http://www.spinellis.gr/pubs/jrnl/2016-EMPSE-unix-history/html/unix-history.html",
	ISSN =       {1382-3256},
}

@book{AbelsonS85,
	author    = {Harold Abelson and
				Gerald J. Sussman},
	title     = {Structure and Interpretation of Computer Programs},
	publisher = {{MIT} Press},
	year      = {1985},
	isbn      = {0-262-51036-7},
	timestamp = {Thu, 03 Jan 2002 00:00:00 +0100},
	biburl    = {https://dblp.org/rec/bib/books/mit/AbelsonS85},
	bibsource = {dblp computer science bibliography, https://dblp.org}
}

@misc{gplv3,
	title        = {GNU General Public License},
	version      = {3},
	shorthand    = {GPL},
	organization = {Free Software Foundation},
	url          = {http://www.gnu.org/licenses/gpl.html},
	pagination   = {section},
	language     = {english},
	date         = {2007-06-29}
  }

@ARTICLE {Shustek06,
	author = {L. Shustek},
	journal = {IEEE Annals of the History of Computing},
	title = {What Should We Collect to Preserve the History of Software?},
	year = {2006},
	volume = {28},
	number = {04},
	issn = {1058-6180},
	pages = {112, 110-111},
	keywords = {preserving software;source code repository;software history;history of programming},
	doi = {10.1109/MAHC.2006.78},
	publisher = {IEEE Computer Society},
	address = {Los Alamitos, CA, USA},
	month = 10
}

@article{SoftwareCitation2016,
	Author = {Arfon M. Smith and Daniel S. Katz and Kyle E. Niemeyer and {FORCE11 Software Citation Working Group}},
	Date-Modified = {2016-03-23 18:02:37 +0000},
	Journal = {PeerJ Preprints},
	Volume = {4},
	Pages = {e2169v3},
	Doi = {10.7287/peerj.preprints.2169v3},
	Title = {Software Citation Principles},
	Year = {2016}
}

@misc{CodeMeta,
   author = "CodeMeta",
   title = "{The CodeMeta Project}",
   howpublished = {\url{https://codemeta.github.io/index.html}},
}

@article{Abramatic:2018:BUA:3281635.3183558,
 author = {Abramatic, Jean-Fran\c{c}ois and Di Cosmo, Roberto and Zacchiroli, Stefano},
 title = {Building the Universal Archive of Source Code},
 journal = {Commun. ACM},
 issue_date = {October 2018},
 volume = {61},
 number = {10},
 month = sep,
 year = {2018},
 issn = {0001-0782},
 pages = {29--31},
 numpages = {3},
 url = {http://doi.acm.org/10.1145/3183558},
 doi = {10.1145/3183558},
 acmid = {3183558},
 publisher = {ACM},
 address = {New York, NY, USA},
}

@misc{wiki:Wikipedia,
   author = "WikiMedia Foundation",
   title = "{{W}ikipedia{,} The Free Encyclopedia}",
   year = "2019",
   howpublished = {\url{http://en.wikipedia.org/w/index.php?title=Wikimedia\%20movement&oldid=895312125}},
}

@misc{wiki:Mediawiki,
   author = "WikiMedia Foundation",
   title = "{MediaWiki Main Page}",
   howpublished = {\url{https://www.mediawiki.org/wiki/MediaWiki}},
}

@misc{wiki:Wikidata,
   author = "WikiMedia Foundation",
   title = "{Welcome to Wikidata}",
   howpublished = {\url{https://www.wikidata.org/wiki/Wikidata:Main_Page}},
}
comment{note = "[Online; accessed 09-May-2019]"}

@misc{w3:SchemaOrg,
   author = "W3C",
   title = "{Welcome to Schema.org}",
   howpublished = {\url{https://schema.org/}},
}
@misc{UNESCO:ParisCall:2018,
   author = "UNESCO",
   title = "{Experts call for greater recognition of software source code as heritage for sustainable development}",
   howpublished = {\url{https://en.unesco.org/news/experts-call-greater-recognition-software-source-code-heritage-sustainable-development}},
}
@inproceedings{TAU2:1976,
  author       = {Bertini, G. and Chimenti, M. and Denoth, F.},
  title        = {{TAU2} -- An Audio Terminal for Computer Music Experiments},
  date         = {1976},
  booktitle    = {Int. Symposium on Technology for Selective Dissemination of Information},
  venue        = {San Marino},
  publisher    = {IEEE Computer Society},
  location     = {New York, NY},
  pages        = {143-149},
}
